%% This BibTeX bibliography file was created using BibDesk.
%% http://bibdesk.sourceforge.net/


%% Created for Guillaume Daudin at 2016-08-30 11:39:37 +0200 


%% Saved with string encoding Unicode (UTF-8) 



@article{AW2003,
	Author = {Anderson, James E. and van Wincoop, Eric},
	Journal = {American Economic Review},
	Month = {March},
	Pages = {170-192},
	Title = {Gravity with Gravitas : A Solution to the Border Puzzle},
	Volume = {93(1)},
	Year = {2003}}

@article{AW2004,
	Author = {Anderson, James E. and van Wincoop, Eric},
	Journal = {Journal of Economic Literature},
	Month = {September},
	Pages = {691-751},
	Title = {Trade Costs},
	Volume = {42(3)},
	Year = {2004}}

@article{JMN2008,
	Author = {Jacks, David S. and Meissner, Christopher M. and Novy, Dennis},
	Journal = {American Economic Review},
	Month = {May},
	Pages = {529-534},
	Title = {Trade Costs, 1870-2000},
	Volume = {98(2)},
	Year = {2008}}

@article{JMN2009,
	Author = {Jacks, David S. and Meissner, Christopher M. and Novy, Dennis},
	Journal = {National Bureau of Economic Research},
	Title = {Trade Booms, Trade Busts and Trade Costs},
	Volume = {Working Paper 15267},
	Year = {2009}}

@article{JMN2010,
	Author = {Jacks, David S. and Meissner, Christopher M. and Novy, Dennis},
	Journal = {Explorations in Economic History},
	Month = {April},
	Pages = {127-141},
	Title = {Trade Costs in the First Wave of Globalization},
	Volume = {47(2)},
	Year = {2010}}

@article{JMN2011,
	Author = {Jacks, David S. and Meissner, Christopher M. and Novy, Dennis},
	Journal = {Journal of International Economics},
	Pages = {185-201},
	Title = {Trade Booms, Trade Busts, and Trade Costs},
	Volume = {83},
	Year = {2011}}

@article{Daudin1,
	Author = {Daudin, Guillaume},
	Journal = {Revue de l'OFCE},
	Pages = {409-435},
	Title = {La logistique de la mondialisation},
	Volume = {87(4)},
	Year = {2003}}

@article{Daudin2,
	Author = {Daudin, Guillaume},
	Journal = {Revue de l'OFCE},
	Pages = {221-262},
	Title = {Les transactions de la mondialisation},
	Volume = {92(1)},
	Year = {2005}}

@article{Daudin3,
	Author = {Guillaume Daudin},
	Journal = {Documents de travail de l'OFCE},
	Title = {Paying Trasaction Costs},
	Year = {2006-14}}

@article{H1999,
	Author = {Hummels, David},
	Journal = {\emph{Mimeo}, University of Chicago},
	Title = {Have International Transportation Costs Declined?},
	Year = {1999}}

@article{H2001,
	Author = {Hummels, David},
	Journal = {\emph{Mimeo}, Perdue University},
	Title = {Toward a Geography of Trade Costs},
	Year = {2001}}

@article{NOVY,
	Author = {Novy, Dennis},
	Date-Modified = {2016-08-30 09:35:24 +0000},
	Journal = {Economic Inquiry},
	Number = {1},
	Pages = {101-121},
	Title = {Gravity Redux: Measuring International Trade Costs with Panel Data},
	Volume = {51},
	Year = {2013}}

@article{MAC,
	Author = {Mc Callum, John},
	Journal = {American Economic Review},
	Month = {June},
	Pages = {615-23},
	Title = {National Borders Matter: Canada - U.S. Regional Trade Patterns},
	Volume = {85(3)},
	Year = {1995}}

@article{AND,
	Author = {Anderson, James E.},
	Journal = {American Economic Review},
	Month = {March},
	Pages = {106-116},
	Title = {A Theoretical Foundation for the Gravity Equation},
	Volume = {69(1)},
	Year = {1979}}

@article{BB,
	Author = {Baier, Scott L. and Bergstrand, Jeffrey H.},
	Journal = {Journal of International Economics},
	Month = {February},
	Pages = {1-27},
	Title = {The Growth of World Trade : Tariffs, Transport Costs, and Income Similarity},
	Volume = {53(1)},
	Year = {2001}}
